<record><leader>00000cas a2200000 a 4500</leader><controlfield tag="001">11087052</controlfield><controlfield tag="008">840824d185818uuksuwr ne      0   a0eng d</controlfield><datafield ind1=" " ind2=" " tag="010"><subfield code="a">sn 84029481 </subfield></datafield><datafield ind1=" " ind2=" " tag="040"><subfield code="a">KSH</subfield><subfield code="b">eng</subfield><subfield code="c">KSH</subfield><subfield code="d">NPT</subfield><subfield code="d">OCL</subfield><subfield code="d">OCLCQ</subfield></datafield><datafield ind1=" " ind2=" " tag="042"><subfield code="a">msc</subfield></datafield><datafield ind1="0" ind2="0" tag="245"><subfield code="a">Iowa Point weekly enquirer.</subfield></datafield><datafield ind1=" " ind2=" " tag="260"><subfield code="a">Iowa Point, Kan. :</subfield><subfield code="b">[s.n.]</subfield></datafield><datafield ind1=" " ind2=" " tag="300"><subfield code="a">v. ;</subfield><subfield code="c">56 cm.</subfield></datafield><datafield ind1=" " ind2=" " tag="310"><subfield code="a">Weekly</subfield></datafield><datafield ind1="1" ind2=" " tag="362"><subfield code="a">Began in 1858?</subfield></datafield><datafield ind1=" " ind2=" " tag="588"><subfield code="a">Description based on: Vol. 1, no. 19 (July 30, 1858).</subfield></datafield><datafield ind1=" " ind2=" " tag="752"><subfield code="a">United States</subfield><subfield code="b">Kansas</subfield><subfield code="c">Doniphan</subfield><subfield code="d">Iowa City.</subfield></datafield></record>